
    <marc:record>
        <marc:leader>00744caa a2200193 c 4500</marc:leader>
        <marc:controlfield tag="001">990926910564702202</marc:controlfield>
        <marc:controlfield tag="005">20190130102944.0</marc:controlfield>
        <marc:controlfield tag="007">ta</marc:controlfield>
        <marc:controlfield tag="008">130806s2002    xx#|||||||||||000|u|nob| </marc:controlfield>
        <marc:datafield tag="040" ind1=" " ind2=" ">
            <marc:subfield code="a">NO-OsNB</marc:subfield>
            <marc:subfield code="b">nob</marc:subfield>
            <marc:subfield code="e">katreg</marc:subfield>
        </marc:datafield>
        <marc:datafield tag="042" ind1=" " ind2=" ">
            <marc:subfield code="a">norbibl</marc:subfield>
        </marc:datafield>
        <marc:datafield tag="100" ind1="1" ind2=" ">
            <marc:subfield code="a">Kolloen, Ingar Sletten</marc:subfield>
            <marc:subfield code="d">1951-</marc:subfield>
            <marc:subfield code="0">(NO-TrBIB)90053139</marc:subfield>
            <marc:subfield code="1">http://viaf.org/viaf/49458459</marc:subfield>
            <marc:subfield code="4">http://rdaregistry.info/Elements/w/object/P10061</marc:subfield>
        </marc:datafield>
        <marc:datafield tag="245" ind1="1" ind2="3">
            <marc:subfield code="a">Et uunngåelig havari?</marc:subfield>
            <marc:subfield code="c">Ingar Sletten Kolloen</marc:subfield>
        </marc:datafield>
        <marc:datafield tag="260" ind1=" " ind2=" ">
            <marc:subfield code="c">2002</marc:subfield>
        </marc:datafield>
        <marc:datafield tag="300" ind1=" " ind2=" ">
            <marc:subfield code="a">S. 94-[111]</marc:subfield>
        </marc:datafield>
        <marc:datafield tag="600" ind1="1" ind2="7">
            <marc:subfield code="a">Hamsun, Knut</marc:subfield>
            <marc:subfield code="d">1859-1952</marc:subfield>
            <marc:subfield code="0">(NO-TrBIB)90052521</marc:subfield>
            <marc:subfield code="2">bare</marc:subfield>
            <marc:subfield code="1">http://viaf.org/viaf/59083692</marc:subfield>
        </marc:datafield>
        <marc:datafield tag="650" ind1=" " ind2="7">
            <marc:subfield code="a">Landssvik</marc:subfield>
            <marc:subfield code="2">hamsun</marc:subfield>
        </marc:datafield>
        <marc:datafield tag="650" ind1=" " ind2="7">
            <marc:subfield code="a">Nazisme</marc:subfield>
            <marc:subfield code="2">hamsun</marc:subfield>
        </marc:datafield>
        <marc:datafield tag="773" ind1="0" ind2=" ">
            <marc:subfield code="a">Hamsun-symposium(2002 Oslo)</marc:subfield>
            <marc:subfield code="t">Hamsun-symposium</marc:subfield>
            <marc:subfield code="d">[Oslo] : Gyldendal, 2002</marc:subfield>
            <marc:subfield code="w">990300102844702201</marc:subfield>
        </marc:datafield>
    </marc:record>