
    <marc:record>
        <marc:leader>00546caa a22001577c 4500</marc:leader>
        <marc:controlfield tag="001">991133108704702202</marc:controlfield>
        <marc:controlfield tag="005">20180601141016.0</marc:controlfield>
        <marc:controlfield tag="007">ta</marc:controlfield>
        <marc:controlfield tag="008">110630s2003    xx#|||||||||||000|u|nob|d</marc:controlfield>
        <marc:datafield tag="040" ind1=" " ind2=" ">
            <marc:subfield code="a">NO-TrBIB</marc:subfield>
            <marc:subfield code="b">nob</marc:subfield>
            <marc:subfield code="e">katreg</marc:subfield>
        </marc:datafield>
        <marc:datafield tag="100" ind1="1" ind2=" ">
            <marc:subfield code="a">Karterud, Sigmund</marc:subfield>
        </marc:datafield>
        <marc:datafield tag="245" ind1="1" ind2="0">
            <marc:subfield code="a">En personlighetsvurdering av Knut Hamsun</marc:subfield>
        </marc:datafield>
        <marc:datafield tag="300" ind1=" " ind2=" ">
            <marc:subfield code="a">S.[108]-119.</marc:subfield>
        </marc:datafield>
        <marc:datafield tag="600" ind1="1" ind2="7">
            <marc:subfield code="a">Hamsun, Knut</marc:subfield>
            <marc:subfield code="d">1859-1952</marc:subfield>
            <marc:subfield code="0">(NO-TrBIB)90052521</marc:subfield>
            <marc:subfield code="2">bare</marc:subfield>
            <marc:subfield code="1">http://viaf.org/viaf/59083692</marc:subfield>
        </marc:datafield>
        <marc:datafield tag="700" ind1="0" ind2=" ">
            <marc:subfield code="a">Ingar Sletten Kolloen</marc:subfield>
        </marc:datafield>
        <marc:datafield tag="773" ind1="0" ind2=" ">
            <marc:subfield code="t">Samtiden (trykt utg.). </marc:subfield>
            <marc:subfield code="d">Oslo : Aschehoug</marc:subfield>
            <marc:subfield code="g">2003 : 3</marc:subfield>
            <marc:subfield code="x">0036-3928</marc:subfield>
            <marc:subfield code="w">997521921244702201</marc:subfield>
        </marc:datafield>
    </marc:record>