
    <marc:record>
        <marc:leader>01149caa a2200217 c 4500</marc:leader>
        <marc:controlfield tag="001">999920194297002202</marc:controlfield>
        <marc:controlfield tag="005">20220223150210.0</marc:controlfield>
        <marc:controlfield tag="007">ta</marc:controlfield>
        <marc:controlfield tag="008">130806s1987    no |||||||||||000|0|nob|c</marc:controlfield>
        <marc:datafield tag="040" ind1=" " ind2=" ">
            <marc:subfield code="a">NO-TrBIB</marc:subfield>
            <marc:subfield code="b">nob</marc:subfield>
            <marc:subfield code="e">katreg</marc:subfield>
        </marc:datafield>
        <marc:datafield tag="100" ind1="1" ind2=" ">
            <marc:subfield code="a">Kolloen, Ingar Sletten</marc:subfield>
            <marc:subfield code="d">1951-</marc:subfield>
            <marc:subfield code="0">(NO-TrBIB)90053139</marc:subfield>
            <marc:subfield code="1">http://viaf.org/viaf/49458459</marc:subfield>
            <marc:subfield code="4">ivr</marc:subfield>
            <marc:subfield code="4">http://rdaregistry.info/Elements/w/object/P10057</marc:subfield>
        </marc:datafield>
        <marc:datafield tag="245" ind1="1" ind2="0">
            <marc:subfield code="a">Johan Kvandal om sin Hamsun-opera :</marc:subfield>
            <marc:subfield code="b">Jeg leter efter det egentlige hos ham</marc:subfield>
            <marc:subfield code="c">Ingar Sletten Kolloen</marc:subfield>
        </marc:datafield>
        <marc:datafield tag="300" ind1=" " ind2=" ">
            <marc:subfield code="a">S. 6</marc:subfield>
        </marc:datafield>
        <marc:datafield tag="500" ind1=" " ind2=" ">
            <marc:subfield code="a">Intervju med Johan Kvandal</marc:subfield>
        </marc:datafield>
        <marc:datafield tag="600" ind1="1" ind2="7">
            <marc:subfield code="a">Hamsun, Knut</marc:subfield>
            <marc:subfield code="d">1859-1952</marc:subfield>
            <marc:subfield code="0">(NO-TrBIB)90052521</marc:subfield>
            <marc:subfield code="2">bare</marc:subfield>
            <marc:subfield code="1">http://viaf.org/viaf/59083692</marc:subfield>
        </marc:datafield>
        <marc:datafield tag="600" ind1="1" ind2="7">
            <marc:subfield code="a">Hamsun, Knut</marc:subfield>
            <marc:subfield code="d">1859-1952</marc:subfield>
            <marc:subfield code="t">Mysterier</marc:subfield>
            <marc:subfield code="0">(NO-TrBIB)90052521</marc:subfield>
            <marc:subfield code="2">bare</marc:subfield>
            <marc:subfield code="1">http://viaf.org/viaf/206863699</marc:subfield>
        </marc:datafield>
        <marc:datafield tag="600" ind1="1" ind2="7">
            <marc:subfield code="a">Kvandal, Johan</marc:subfield>
            <marc:subfield code="d">1919-1999</marc:subfield>
            <marc:subfield code="0">(NO-TrBIB)90400522</marc:subfield>
            <marc:subfield code="2">bare</marc:subfield>
            <marc:subfield code="1">http://viaf.org/viaf/17645971</marc:subfield>
        </marc:datafield>
        <marc:datafield tag="650" ind1=" " ind2="7">
            <marc:subfield code="a">Musikk</marc:subfield>
            <marc:subfield code="2">hamsun</marc:subfield>
        </marc:datafield>
        <marc:datafield tag="655" ind1=" " ind2="7">
            <marc:subfield code="a">Avisartikler</marc:subfield>
            <marc:subfield code="0">https://id.nb.no/vocabulary/ntsf/21</marc:subfield>
            <marc:subfield code="2">ntsf</marc:subfield>
        </marc:datafield>
        <marc:datafield tag="655" ind1=" " ind2="7">
            <marc:subfield code="a">Intervjuer</marc:subfield>
            <marc:subfield code="0">https://id.nb.no/vocabulary/ntsf/135</marc:subfield>
            <marc:subfield code="2">ntsf</marc:subfield>
        </marc:datafield>
        <marc:datafield tag="700" ind1="1" ind2=" ">
            <marc:subfield code="a">Kvandal, Johan</marc:subfield>
            <marc:subfield code="d">1919-1999</marc:subfield>
            <marc:subfield code="0">(NO-TrBIB)90400522</marc:subfield>
            <marc:subfield code="1">http://viaf.org/viaf/17645971</marc:subfield>
            <marc:subfield code="4">ive</marc:subfield>
            <marc:subfield code="4">http://rdaregistry.info/Elements/w/object/P10059</marc:subfield>
        </marc:datafield>
    </marc:record>
</marc:collection>
